@INPROCEEDINGS{Moore99,
  AUTHOR =       "R. Moore and J. Lopes",
  TITLE =        "Paper templates",
  BOOKTITLE =    "TEMPLATE'06, 1st International Conference on Template Production",
  YEAR =         "1999",
  publisher =    "SCITEPRESS",
  file = F
}

@BOOK{Smith98,
  AUTHOR =       "J. Smith",
  TITLE =        "The Book",
  PUBLISHER =    "The publishing company",
  YEAR =         "1998",
  address =      "London",
  edition =      "2nd",
  file = F
}

%Entries


@book{Agresti2002,
  title			= {Categorical {D}ata {A}nalysis},
  author			= "A. Agresti",
  publisher		= {John Wiley \& Sons Inc, Hoboken, New Jersey},
  year			= {2002}
}

@Article{Ahrberg2012,
  author        = "{Ahrberg, K.} and {Dresler, M.} and {Niedermaier, S.} and {Steiger, A.} and {Genzel, L.}",
  title         = "The interaction between sleep quality and academic performance",
  journal       = "Journal of Psychiatric Research",
  volume        = "46",
  number        = "12",
  year          = "2012",
  pages         = "1618-1622"
}

@article{akccapinar2019,
	issn = {2196-7091},
	journal = {Smart learning environments},
	keywords = {Academic performance prediction ; Algorithms ; At risk students ; Bayesian analysis ; Computers and Education ; E-books ; Early warning systems ; Education ; Educational data mining ; Learning analytics ; Machine learning ; Mathematical models ; Model accuracy ; Students},
	language = {eng},
	number = {1},
	author = "G. Akçapınar and M. N. Hasnine and R. Majumdar and B. Flanagan and  H. Ogata",
	address = {Singapore},
	copyright = {The Author(s). 2019},
	pages = {1-15},
	publisher = {Springer Singapore},
	title = {Developing an early-warning system for spotting at-risk students by using eBook interaction logs},
	volume = {6},
	year = {2019},
}

@article{akccapinar2019b,
	journal = {International Journal of Educational Technology in Higher Education},
	language = {eng},
	number = {1},
	author = "G. Akçapınar and A. Altun and P. Aşkar",
	address = {Cham},
	copyright = {The Author(s) 2019},
	pages = {1-20},
	publisher = {Springer International Publishing},
	title = {Using learning analytics to develop early-warning system for at-risk students},
	volume = {16},
	year = {2019},
}

@article{Angrist1999,
	author = {{Angrist, J. D.} and {Lavy, V.}},
	address = {Cambridge, Mass. [etc.]},
	copyright = {Copyright 1999 President and Fellows of Harvard College and the Massachusetts Institute of Technology},
	pages = {533-575},
	publisher = {MIT Press},
	title = {Using Maimonides' Rule to Estimate the Effect of Class Size on Scholastic Achievement},
	volume = {114},
	year = {1999},
	journal = {The Quarterly journal of economics},
	keywords = {Academic achievement ; Achievement tests ; Arithmetic mean ; Class size ; Disadvantaged schools ; Effects ; Instrumental variables ; Instrumental variables estimation ; Maimonides (Moses ben Maimon) (1135-1204) ; Mathematical discontinuity ; Mathematics tests ; Public schools ; School enrollment ; Students ; Studies ; Test scores},
	language = {eng},
	number = {2}
}

@article{Arnold2010,
  title			= {Signals: Applying academic analytics},
  author		= "K. E. Arnold",
  journal		= {Educause Quarterly},
  volume        ={33},
  number        ={1},
  pages         ={10},
  year          ={2010},
  publisher     ={ERIC}
}

@inproceedings{Arnold2012,
	keywords = {college student success ; early intervention ; learning analytics ; retention},
	language = {eng},
	author = "K. E. Arnold and M. Pistilli",
	booktitle = {ACM International Conference Proceeding Series},
	copyright = {Copyright 2012 Elsevier B.V., All rights reserved.},
	pages = {267-270},
	publisher = {ACM},
	series = {LAK '12},
	title = {Course signals at Purdue: using learning analytics to increase student success},
	year = {2012},
}

@article{Asif2017,
	title = {Analyzing undergraduate students' performance using educational data mining},
	journal = {Computers \& Education},
	volume = {113},
	pages = {177-194},
	year = {2017},
	author = {Asif, R. and Merceron, A. and Ali, S. A. and Haider, N. G.}
}

@article{Baars2017,
	journal = {Health professions education},
	keywords = {Logistic regression analysis ; Medical education ; Predicting student failure ; Student dropout ; Student success},
	language = {eng},
	number = {1},
	author = "G. J. A. Baars and T. Stijnen and T. A. W. Splinter",
	copyright = {2017 King Saud bin Abdulaziz University for Health Sciences},
	pages = {5-14},
	publisher = {Elsevier B.V},
	title = {A Model to Predict Student Failure in the First Year of the Undergraduate Medical Curriculum},
	volume = {3},
	year = {2017},
}

@Article{Baert2015,
  author        = "{Baert, S.} and {Omey, E.} and {Verhaest, D.} and {Vermeir, A.}",
  title         = "Mister Sandman, bring me good marks! {O}n the relationship between sleep quality and academic achievement",
  journal       = "Social {S}cience {\&} {M}edicine",
  volume        = "130",
  year          = "2015",
  pages         = "91-98"
}

@article{baneres2020,
  title={An Early Warning System to Detect At-Risk Students in Online Higher Education},
  author= "D. Ba{\~n}eres and M. E. Rodr{\'\i}guez and A. E. Guerrero-Rold{\'a}n and A. Karadeniz",
  journal={Applied Sciences},
  volume={10},
  number={13},
  pages={4427},
  year={2020},
  publisher={Multidisciplinary Digital Publishing Institute}
}

@Article{Baradwaj2012,
  author        = "{Baradwaj, B. K.} and {Pal, S.}",
  title         = "Mining {E}ducational {D}ata to {A}nalyze {S}tudents' {P}erformance",
  journal       = "{I}nternational {J}ournal of {A}dvanced {C}omputer {S}cience and {A}pplications",
  volume        = "2",
  number        = "6",
  year          = "2012",
  pages         = "63-69"
}

@article{Becsoluk2011,
  title			= {Morningness-eveningness preferences and academic achievement of university students},
  author		= {{Be{\c{s}}oluk, {\c{S}}} and {{\"O}nder, {\.I}} and {Deveci, {\.I.}}},
  journal		= {Chronobiology {I}nternational},
  volume		= {28},
  number		= {2},
  pages			= {118--125},
  year			= {2011},
  publisher		= {Taylor \& Francis}
}


@inproceedings{binMat2013,
  title={An overview of using academic analytics to predict and improve students' achievement: {A} proposed proactive intelligent intervention},
  author={{bin Mat, U.} and {Buniyamin, N.} and {Arsad, P. M.} and {Kassim, R.}},
  booktitle={{5th Conference on Engineering Education (ICEED)}},
  pages={126--130},
  year={2013},
  organization={IEEE}
}


@article{Breiman2001,
  title			= {Random forests},
  author		= {{Breiman, L.}},
  journal		= {Machine {L}earning},
  volume		= {45},
  number		= {1},
  pages		= {5--32},
  year			= {2001}
}

@article{Borisenkov2010,
  title 			= {Chronotype, sleep length, and school achievement of 11- to 23-year-old students in {N}orthern {E}uropean {R}ussia},
  author 		= {{Borisenkov, M. F.} and {Perminova, E. V.} and {Kosova, A. L.}},
  journal 		= {Chronobiology {I}nternational},
  volume 		= {27},
  number 		= {6},
  pages 		= {1259-1270},
  year  		= {2010}
}

@article{Burgos2018,
  title={Data mining for modeling students' performance: {A} tutoring action plan to prevent academic dropout},
  author="C. Burgos  and M. Campanario and  D. de la Pe{\~n}a and J. A. Lara and  D. Lizcano and M. A. Mart{\'i}nez",
  journal={Computers \& {E}lectrical {E}ngineering},
  volume={66},
  pages={541--556},
  year={2018}
}

@article{Calvo2006,
  title			= {Predicting students' marks from {M}oodle logs using neural network models},
  author		= {{Calvo-Flores, M. D.} and {Galindo, E. G.} and {Jim\'enez, M. C. P.} and {Pineiro, O. P.}},
  journal		= {Current {D}evelopments in {T}echnology-{A}ssisted {E}ducation},
  volume		= {1},
  number		= {2},
  pages		= {586--590},
  year			= {2006}
}

@article{chung2019,
  title={Dropout early warning systems for high school students using machine learning},
  author= "J. Y. Chung and S. Lee",
  journal={Children and Youth Services Review},
  volume={96},
  pages={346--353},
  year={2019},
  publisher={Elsevier}
}

@article{chen2020,
  title={Identifying at-risk students based on the phased prediction model},
  author= "Y. Chen and Q. Zheng and S. Ji and F. Tian and H. Zhu and M. Liu",
  journal={Knowledge and Information Systems},
  volume={62},
  number={3},
  pages={987--1003},
  year={2020},
  publisher={Springer}
}

@article{conijn2016,
  title={Predicting student performance from LMS data: A comparison of 17 blended courses using Moodle LMS},
  author={Conijn, R. and Snijders, C. and Kleingeld, A. and Matzat, U.},
  journal={IEEE Transactions on Learning Technologies},
  volume={10},
  number={1},
  pages={17--29},
  year={2016}
}

@article{csahin2019,
  title={An intervention engine design and development based on learning analytics: the intelligent intervention system (In 2 S)},
  author= "M. \c{S}ahin and H. Yurdug{\"u}l",
  journal={Smart Learning Environments},
  volume={6},
  number={1},
  pages={18},
  year={2019},
  publisher={Springer}
}

@Article{Curcio2006,
  author        = "{Curcio, G.} and {Ferrara, M.} and {De Gennaro, L.}",
  title         = "Sleep loss, learning capacity and academic performance",
  journal       = "Sleep Medicine Reviews",
  volume        = "10",
  number        = "5",
  year          = "2006",
  pages         = "323-337"
}

@article{Edmunds2002,
author = "K.M. Edmunds and S. M. Tancock",
title = {Incentives: The effects on the reading motivation of fourth‐grade students},
journal = {Reading Research and Instruction},
volume = {42},
number = {2},
pages = {17-37},
year  = {2002},
publisher = {Routledge}
}


@inproceedings{Elbadrawy2015,
 author 		= {{Elbadrawy, A.} and {Studham, R. S.} and {Karypis, G.}},
 title 			= {Collaborative {M}ulti-{R}egression {M}odels for {P}redicting {S}tudents' {P}erformance in {C}ourse {A}ctivities},
 booktitle 		= {Proceedings of the Fifth International Conference on Learning Analytics And Knowledge},
 series 		= {LAK '15},
 year 			= {2015},
 location 		= {Poughkeepsie, New York},
 pages 		= {103--107},
 publisher 		= {ACM}
}

@Article{Eliasson2002,
  author		= "{Eliasson, A.} and {Eliasson, A.} and {King, J.} and {Gould, B.} and {Eliasson, A.}",
  title			= "Association of {S}leep and {A}cademic {P}erformance",
  journal		= "Sleep and {B}reathing",
  year			= "2002",
  volume		= "6",
  number		= "1",
  pages		= "45--48"
}

@article{gamse2008,
  title={Reading First Impact Study. Final Report. NCEE 2009-4038.},
  author={{Gamse, B. C.} and {Jacob, R. T.}  and {Horst, M.} and {Boulay, B.} and {Unlu, F.}},
  journal={National Center for Education Evaluation and Regional Assistance},
  year={2008},
  publisher={ERIC}
}

@Article{Gevrey2003,
  author        = "{Gevrey, M.} and {Dimopoulos, I.} and {Lek, S.}",
  title         = "Review and comparison of methods to study the contribution of variables in artificial neural network models",
  journal       = "Ecological {M}odelling",
  volume        = "160",
  number        = "3",
  month         = feb,
  year          = "2003",
  pages         = "249-264"
}

@article{Gomes2011,
  title			= {Sleep and {A}cademic {P}erformance in {U}ndergraduates: {A} {M}ulti-{M}easure, {M}ulti-{P}redictor {A}pproach},
  author		= {{Gomes, A. A.} and {Tavares, J.} and {de Azevedo, M. H. P.}},
  journal		= {Chronobiology International},
  volume		= {28},
  number		= {9},
  pages		= {786--801},
  year			= {2011}
}


@article{Gray2002,
author 			= "E. K. Gray and D. Watson",
title 				= {General and {S}pecific {T}raits of {P}ersonality and {T}heir {R}elation to {S}leep and {A}cademic {P}erformance},
journal 			= {Journal of Personality},
volume 			= {70},
number 			= {2},
pages 			= {177--206},
year				= {2002}
}


@inproceedings{Gray2014,
  title={An application of classification models to predict learner progression in tertiary education},
  author={{Gray, G.} and {McGuinness, C.} and {Owende, P.}},
  booktitle={International Advance Computing Conference (IACC)},
  pages={549--554},
  year={2014},
  organization={IEEE}
}


@book{Hastie2009,
  title			= {The {E}lements of {S}tatistical {L}earning},
  author		= {{Hastie, T.} and {Tibshirani, R.} and {Friedman, J.}},
  publisher		= {Springer, New York},
  year			= {2009}
}

@article{Hu2014,
  title={Developing early warning systems to predict students' online learning performance},
  author={{Hu, Y. H.} and {Lo, C. L.} and {Shih, S. P.}},
  journal={Computers in Human Behavior},
  volume={36},
  pages={469--478},
  year={2014}
}

@article{Huang2013,
  title={Predicting student academic performance in an engineering dynamics course: {A} comparison of four types of predictive mathematical models},
  author= "S. Huang and N. Fang",
  journal={Computers \& {E}ducation},
  volume={61},
  pages={133--145},
  year={2013}
}

@inproceedings{Ibrahim2007,
  title={Predicting {S}tudents' {A}cademic {P}erformance: {C}omparing {A}rtificial {N}eural network, {D}ecision {T}ree and {L}inear {R}egression},
  author={Ibrahim, Z. and Rusli, D.},
  booktitle={21st Annual SAS Malaysia Forum},
  pages={1--6},
  year={2007},
  organization={SAS Kuala Lumpur}
}

@article{Iver2019,
author = "M. A. {Mac Iver} and  M. L. Stein and M. H. Davis and R. W. Balfanz and J. H. Fox",
title = {An Efficacy Study of a Ninth-Grade Early Warning Indicator Intervention},
journal = {Journal of Research on Educational Effectiveness},
volume = {12},
number = {3},
pages = {363-390},
year  = {2019},
publisher = {Routledge}
}


@article{Jacob2004,
  title			= {Remedial education and student achievement: A regression-discontinuity analysis},
  author		= "B. A. Jacob and L. Lefgren",
  journal		= {Review of economics and statistics},
  year			= {2004},
  volume        = {86},
  pages 		= {226--244},
  number        = {1},
  publisher={MIT Press}
}

@book{James2013,
  title			= {An {I}ntroduction to {S}tatistical {L}earning: with {A}pplications in {R}},
  author		= {{James, G.} and {Witten, D.} and {Hastie, T.} and {Tibshirani, R.}},
  year			= {2013},
  publisher		= {Springer, New York}
}

@article{Kabakchieva2013,
  title={Predicting {S}tudent {P}erformance by {U}sing {D}ata {M}ining {M}ethods for {C}lassification},
  author={{Kabakchieva, D.}},
  journal={Cybernetics and Information Technologies},
  volume={13},
  number={1},
  pages={61--72},
  year={2013}
}

@article{Lenz2010,
  author 		= {{Lenz, L.}},
  title 			= {{T}he {E}ffect of a {W}eb-{B}ased {H}omework {S}ystem on {S}tudent
				{O}utcomes in a {F}irst-{Y}ear {M}athematics {C}ourse},
  journal 		= {Journal of Computers in Mathematics and Science Teaching},
  year 			= {2010},
  volume 		= {29},
  pages 		= {233--246},
  number 		= {3}
}

@article{lu2018,
  title={Applying learning analytics for the early prediction of Students' academic performance in blended learning},
  author= "O. H. T. Lu and A. Y. Q. Huang and J. C. H. Huang and A. J. Q. Lin and H. Ogata and S. J. H. Yang",
  journal={Journal of Educational Technology \& Society},
  volume={21},
  number={2},
  pages={220--232},
  year={2018},
  publisher={JSTOR}
}

@article{McEwan2008,
  title			= {The benefits of delayed primary school enrollment discontinuity estimates using exact birth dates},
  author		= "P. J. McEwan and J. S. Shapiro",
  journal		= {The Journal of human Resources},
  year			= {2008},
  volume        = {43},
  pages 		= {1--29},
  number        = {1},
  publisher     = {University of Wisconsin Press}
}


@article{Macfadyen2010,
  title={Mining {LMS} data to develop an "early warning system" for educators: {A} proof of concept},
  author="L. P. Macfadyen and S. Dawson",
  journal={Computers \& Education},
  volume={54},
  number={2},
  pages={588--599},
  year={2010}
}

@article{Medeiros2001,
author 			= {{Medeiros, A. L. D.}  and  {Mendes, D. B. F.}  and  {Lima, P. F.}  and   {Araujo, J. F.}},
title 			= {The Relationships between Sleep-Wake Cycle and Academic Performance in Medical Students},
journal 		= {Biological Rhythm Research},
volume 			= {32},
number 			= {2},
pages 			= {263--270},
year  			= {2001}
}

@article{Meier2016,
  title={Predicting grades},
  author={{Meier, Y.} and {Xu, J.} and {Atan, O.} and {van der Schaar, M.}},
  journal={IEEE Transactions on Signal Processing},
  volume={64},
  number={4},
  pages={959--972},
  year={2016}
}

@inproceedings{Mishra2014,
  title={{M}ining {S}tudents' {D}ata for {P}rediction {P}erformance},
  author={{Mishra, T.} and {Kumar, D.} and {Gupta, S.}},
  booktitle={Fourth International Conference on Advanced Computing \& Communication Technologies (ACCT)},
  pages={255--262},
  year={2014},
  organization={IEEE}
}

@article{Onder2014,
  title			= {Circadian {P}references, {S}leep {Q}uality and {S}leep {P}atterns, {P}ersonality, {A}cademic {M}otivation and {A}cademic {A}chievement of {U}niversity {S}tudents},
  author		= {{{\"O}nder, {\.I}.} and {Be{\c{s}}oluk, {\c{S}}.} and {{\.I}skender, M.} and {Masal, E.} and {Demirhan, E.}},
  journal		= {Learning and Individual Differences},
  volume		= {32},
  pages		= {184--192},
  year			= {2014},
  publisher		= {Elsevier}
}

@article{Oskouei2014,
  title={Predicting {A}cademic {P}erformance with {A}pplying {D}ata {M}ining {T}echniques ({G}eneralizing the results of {T}wo {D}ifferent {C}ase {S}tudies)},
  author= "R. J. Oskouei and M. Askari",
  journal={Computer Engineering and Applications Journal},
  volume={3},
  number={2},
  pages={79--88},
  year={2014}
}

@article{Osmanbegovic2012,
  title={Data mining approach for predicting student performance},
  author={{Osmanbegovi{\'c}, E.} and {Sulji{\'c}, M.}},
  journal={Economic Review},
  volume={10},
  number={1},
  pages={3--12},
  year={2012}
}

@inproceedings{Papamitsiou2016,
 author 		= {{Papamitsiou, Z.} and {Karapistoli, E.} and {Economides, A. A.}},
 title 			= {Applying Classification Techniques on Temporal Trace Data for Shaping Student Behavior Models},
 booktitle 		= {Proceedings of the Sixth International Conference on Learning Analytics \& Knowledge},
 series 		= {LAK '16},
 year 			= {2016},
 location 		= {Edinburgh, United Kingdom},
 pages 			= {299--303},
 publisher 		= {ACM},
 address 		= {New York, NY, USA}
}

@inproceedings{Papamitsiou2014,
 author 		= {{Papamitsiou, Z. K.} and {Terzis, V.} and {Economides, A. A.}},
 title 			= {Temporal Learning Analytics for Computer Based Testing},
 booktitle 		= {Proceedings of the Fourth International Conference on Learning Analytics And Knowledge},
 series 		= {LAK '14},
 year 			= {2014},
 location 		= {Indianapolis, Indiana, USA},
 pages 			= {31--35},
 publisher 		= {ACM},
 address 		= {New York, NY, USA}
}


@article{Parkin2012,
author = "H. J. Parkin and S. Hepplestone and G. Holden and B. Irwin and L. Thorpe",
title = {A role for technology in enhancing students’ engagement with feedback},
journal = {Assessment \& Evaluation in Higher Education},
volume = {37},
number = {8},
pages = {963-973},
year  = {2012},
publisher = {Routledge}
}

@article{Quadri2010,
  title={Drop out feature of student data for academic performance using decision tree techniques},
  author={{Quadri, M. N.} and {Kalyankar, N. V.}},
  journal={Global Journal of Computer Science and Technology},
  year={2010}
}

@Manual{R,
    title = {R: A Language and Environment for Statistical Computing},
    author = {{R Core Team}},
    organization = {R Foundation for Statistical Computing},
    address = {Vienna, Austria},
    year = {2019}
  }



@article{Ramesh2013,
  title={Predicting student performance: a statistical and data mining approach},
  author={{Ramesh, V.} and {Parkavi, P.} and {Ramar, K.}},
  journal={International Journal of Computer Applications},
  volume={63},
  number={8},
  pages={35--39},
  year={2013}
}

@article{Romero2010,
  title={Educational {D}ata {M}ining: {A} {R}eview of the {S}tate of the {A}rt},
  author={{Romero, C.} and {Ventura, S.}},
  journal={IEEE Transactions on Systems, Man, and Cybernetics, Part C (Applications and Reviews)},
  volume={40},
  number={6},
  pages={601--618},
  year={2010}
}

@article{Sosa2011,
  title			= {Effectiveness of computer-assisted instruction in statistics: {A} meta-analysis},
  author		= "G. W. Sosa and D. E. Berger and A. T. Saw and J. C. Mary",
  journal		= {Review of Educational Research},
  volume		= {81},
  number		= {1},
  pages			= {97--128},
  year			= {2011}
}

@article{stanfield2008,
  title={Incentives: The effects on reading attitude and reading behaviors of third-grade students},
  author=" G. M. Stanfield",
  journal={The Corinthian},
  volume={9},
  number={1},
  pages={8},
  year={2008}
}


@article{Tair2012,
  title={Mining {E}ducational {D}ata to {I}mprove {S}tudents' {P}erformance: {A} {C}ase {S}tudy},
  author={{Tair, M. M. A.} and {El-Halees, A. M.}},
  journal={International Journal of Information},
  volume={2},
  number={2},
  pages={140--146},
  year={2012}
}

@article{Taylor2013,
  title			= {The {R}ole of {S}leep in {P}redicting {C}ollege {A}cademic {P}erformance: {I}s it a {U}nique {P}redictor?},
  author		= {{Taylor, D. J.} and {Vatthauer, K. E.} and {Bramoweth, A. D.} and {Ruggero, C.} and {Roane, B.}},
  journal		= {Behavioral Sleep Medicine},
  volume		= {11},
  number		= {3},
  pages		= {159--172},
  year			= {2013},
  publisher		= {Taylor \& Francis}
}

@inproceedings{Wolff2013,
 author 		= "A. Wolff and Z. Zdrahal and A. Nikolov and M. Pantucek",
 title 			= {Improving Retention: Predicting At-risk Students by Analysing Clicking Behaviour in a Virtual Learning Environment},
 booktitle 		= {Proceedings of the Third International Conference on Learning Analytics and Knowledge},
 series 		= {LAK '13},
 year 			= {2013},
 location 		= {Leuven, Belgium},
 pages 		= {145--149},
 publisher 		= {ACM},
 address 		= {New York, NY, USA},
}

@misc{Xiong2011,
  title			= {An {A}nalysis of {R}esponse {T}ime {D}ata for {I}mproving {S}tudent {P}erformance {P}rediction},
  author		= {{Xiong, X.} and {Pardos, Z. A.} and {Heffernan, N. T.}},
  year			= {2011}
}

%unsere
@Article{Massing2018a,
  author        = "T. Massing and N. Schwinning and M. Striewe and C. Hanck and M. Goedicke",
  title         = "E-Assessment Using Variable-Content Exercises in Mathematical Statistics",
  journal       = "Journal of Statistics Education",
  volume 		= {26},
  number 		= {3},
  pages 		= {174-189},
  year          = "2018",
}

@inproceedings{Otto2017,
  author        = "B. Otto and  T. Massing and N. Schwinning and N. Reckmann and A. Blasberg and S. Schumann and C. Hanck and M. Goedicke",
  title         = "Evaluation einer {S}tatistiklehrveranstaltung mit dem {JACK} {R}-{M}odul",
  booktitle       = "DeLFI 2017 - Die 15. e-Learning Fachtagung Informatik, Lecture Notes in Informatic, Gesellschaft {f\"ur} Informatik",
  year          = "2017",
  pages         = "75-86",
}

@inproceedings{Massing2018b,
  author        = "T. Massing and N. Reckmann and B. Otto and K. J. Hermann and C. Hanck and M. Goedicke",
  title         	= "Klausurprognose mit {H}ilfe von {E}-{A}ssessment-{N}utzerdaten",
  booktitle     = "DeLFI 2018 - Die 16. E-Learning Fachtagung Informatik",
  year          	= "2018",
  pages         = "171--176",
}

@inproceedings{Schwinning2017,
  author        = "{Schwinning, N.} and {Striewe, M.} and {Massing, T.} and {Hanck, C.} and {Goedicke, M.}",
  title         = "Towards digitalisation of summative and formative assessments in academic teaching of statistics",
  booktitle      = "Proceedings of the Fifth International Conference on Learning and Teaching in Computing and Engineering",
  year          = "2017",
}



%JACK
@INPROCEEDINGS{Striewe2009,
  author 		= {{Striewe, M.} AND {Balz, M.} AND {Goedicke, M.}},
  title 		= {{A} {F}lexible and {M}odular {S}oftware {A}rchitecture for {C}omputer
	{A}ided {A}ssessments and {A}utomated {M}arking},
  booktitle 	= {Proceedings of the First International Conference on Computer Supported
	Education (CSEDU), 23 - 26 March 2009, Lisboa, Portugal},
  year 			= {2009},
  volume 		= {2},
  pages 		= {54-61},
  organization 	= {INSTICC}
}

@INPROCEEDINGS{Striewe2013,
  author 		= {{Striewe, M.} AND {Goedicke, M.}},
  title 		= {{JACK} revisited: {S}caling up in multiple dimensions},
  booktitle 	= {Proceedings of Eighth European Conference on Technology Enhanced
	Learning (EC-TEL 2013)},
  year 			= {2013 },
  pages 		= {635-636},
  address 		= {Paphos, Cyprus}
}

@INPROCEEDINGS{Striewe2015a,
  author 		= {{Striewe, M.} and {Zurmaar, B.} and {Goedicke, M.}},
  title 		= {{E}volution of the {E}-{A}ssessment {F}ramework {JACK}},
  booktitle 	= {Gemeinsamer Tagungsband der Workshops der Tagung Software Engineering
	2015.},
  year 			= {2015},
  pages 		= {118--120},
  keywords 		= {s3}
}


@INPROCEEDINGS{Schwinningl2015b,
  author 		= {{Kurt-Karaoglu, F.} {Schwinning, N.} AND {Striewe, M.} AND {Zurmaar, B.} AND {Goedicke, M.}},
  title 		= {{A} {F}ramework for {G}eneric {E}xercises with {M}athematical {C}ontent},
  year 			= {2015},
  booktitle      = {Proceedings of the International Conference on Learning and Teaching in Computing and Engineering},
pages		={70--75}
}

@article{Stanca2006,
author = { Luca   Stanca },
title = {The Effects of Attendance on Academic Performance: Panel Data Evidence for Introductory Microeconomics},
journal = {The Journal of Economic Education},
volume = {37},
number = {3},
pages = {251-266},
year  = {2006},
publisher = {Routledge},
doi = {10.3200/JECE.37.3.251-266}
}


@INPROCEEDINGS{Striewe2011,
  author 		= {{Striewe, M.} and {Goedicke, M.}},
  title 		= {{S}tudentische {I}nteraktion mit automatischen {P}r\"{u}fungssystemen},
  booktitle 	= {DeLFI 2011 - Die 9. e-Learning Fachtagung Informatik der Gesellschaft
	f{\"u}r Informatik e.V.},
  year 			= {2011},
  number 		= {188},
  pages 		= {209--220}
}

@article{Striewe2016,
title 			= "An architecture for modular grading and feedback generation for complex exercises ",
journal 		= "Science of Computer Programming ",
year 			= "2016",
issn 			= "0167-6423",
author 		= "{Striewe, M.}",
volume		="129",
pages			="35--47"
}


%%% Jens


@article{imbensoptimal2009,
	title = {Optimal Bandwidth Choice for the Regression Discontinuity Estimator},
	number = {14726},
	volume = {1},
	journal		 = {National Bureau of Economic Research},
	type = {Working Paper},
	author = "G. Imbens and K. Kalyanaraman",
	date = {2009-02},
	year = "2009"
}

@article{mccrarymanipulation2008,
	title = {Manipulation of the running variable in the regression discontinuity design: A density test},
	volume = {142},
	pages = {698--714},
	number = {2},
	journal	 = {Journal of Econometrics},
	shortjournal = {Journal of Econometrics},
	author = " J. McCrary",
	date = {2008-02-01},
	year = "2008"
}

@article{angristidentification1996,
	title = {Identification of Causal Effects Using Instrumental Variables},
	volume = {91},
	pages = {444--455},
	number = {434},
	journal		 = {Journal of the American Statistical Association},
	author = "J. D. Angrist and G. Imbens and D. B. Rubin",
	date = {1996-06-01},
	year = "1996",
	note = {Publisher: Taylor \& Francis},
	keywords = {Compliers, Intention-to-treat analysis, Local average treatment effect, Noncompliance, Nonignorable treatment assignment, Rubin-Causal-Model, Structural equation models}
}

@book{Cameron2005,
publisher = {Cambridge Univ. Press},
year = {2005},
title = {Microeconometrics : methods and applications},
language = {eng},
author = "A. C. Cameron and P. K. Trivedi"
}


@article{Lee2010,
	pages = {281},
	volume = {48},
	publisher = {American Economic Association},
	number = {2},
	year = {2010},
	journal = {Journal of Economic Literature}, 
	title = {Regression Discontinuity Designs in Economics.},
	language = {English},
	author = "D. S. Lee and T. Lemieux"
}

@article{Imbens2008,
	journal = {Journal of econometrics},
	pages = {615--635},
	volume = {142},
	publisher = {Elsevier B.V},
	number = {2},
	year = {2008},
	title = {Regression discontinuity designs: A guide to practice},
	language = {eng},
	author = {Imbens, G. and Lemieux, T.}
}


@book{Huntington-Klein2022,
	author = "N. Huntington-Klein",
	address = {Boca Raton ; London ; New York},
	booktitle = {The effect an introduction to rese	arch design and causality},
	edition = {First edition},
	publisher = {CRC Press, Taylor \& Francis Group},
	series = { Chapman \& Hall book},
	title = {The effect : an introduction to research design and causality},
	year = {2022}
}


@article{Baneres_2019,
  author={Ba{\~n}eres, D. and Rodr{\'\i}guez-Gonzalez, M. E. and Serra, M.},
  journal={IEEE Transactions on Learning Technologies}, 
  title={An Early Feedback Prediction System for Learners At-Risk Within a First-Year Higher Education Course}, 
  year={2019},
  volume={12},
  number={2},
  pages={249-263}
}

@article{koccak2021,
  title={The Factors Affecting Academic Achievement: A Systematic Review of Meta Analyses.},
  author="{\"O}. Ko{\c{c}}ak and {\.I}. G{\"o}ksu and Y. G{\"o}ktas",
  journal={International Online Journal of Education and Teaching},
  volume={8},
  number={1},
  pages={454-484},
  year={2021},
  publisher={ERIC}
}

@article{jovanovic2021,
  title={Students matter the most in learning analytics: The effects of internal and instructional conditions in predicting academic success},
  author={Jovanovi{\'c}, Jelena and Saqr, Mohammed and Joksimovi{\'c}, Sre{\'c}ko and Ga{\v{s}}evi{\'c}, Dragan},
  journal={Computers \& Education},
  volume={172},
  pages={104251},
  year={2021},
  publisher={Elsevier}
}

@inproceedings{lauria2013,
  title={Open academic analytics initiative: initial research findings},
  author ="E. J. Laur{\'\i}a and E. W. Moody and S. ;. Jayaprakash and N. Jonnalagadda and J. D. Baron",
  booktitle={Proceedings of the Third International Conference on Learning Analytics and Knowledge},
  pages={150--154},
  year={2013}
}

@article{marcal2019,
  title={Early Alert System Pilot in a Microeconomics Principles Course.},
  author={Marcal, Leah},
  journal={Research in Higher Education Journal},
  volume={37},
  year={2019},
  publisher={ERIC}
}